<?xml version="1.0" encoding="UTF-8"?><collection xmlns="http://www.loc.gov/MARC21/slim"><record><leader>00562nam--2200181-i-4500</leader><controlfield tag="001">000019862</controlfield><controlfield tag="002">20161230</controlfield><controlfield tag="005">20161230201033</controlfield><controlfield tag="008">060222s1000------------r-----000-0-fre-d</controlfield><datafield ind1=" " ind2=" " tag="040"><subfield code="a">IFIN-HH</subfield></datafield><datafield ind1=" " ind2=" " tag="041"><subfield code="a">fre</subfield></datafield><datafield ind1=" " ind2=" " tag="080"><subfield code="a">539.125.343(043)</subfield></datafield><datafield ind1="1" ind2=" " tag="100"><subfield code="a">Fischer, Jean-raymond</subfield></datafield><datafield ind1="1" ind2="0" tag="245"><subfield code="a">Decouvert de la desintegration pi et mesure de la pente du facteur et du forme electromagnetique du pi</subfield><subfield code="b">These</subfield><subfield code="c">Jean-raymond fischer</subfield></datafield><datafield ind1=" " ind2=" " tag="260"><subfield code="a">Geneve</subfield><subfield code="b">Universite De Geneve</subfield><subfield code="c">1978</subfield></datafield><datafield ind1=" " ind2=" " tag="300"><subfield code="a">63 P. + 52 FIG</subfield></datafield><datafield ind1=" " ind2=" " tag="852"><subfield code="a">47317</subfield><subfield code="c">539.12</subfield></datafield><datafield ind1=" " ind2=" " tag="CAT"><subfield code="a">Sys</subfield><subfield code="c">20111206</subfield><subfield code="h">164827</subfield></datafield></record></collection>